<?xml version="1.0" encoding="UTF-8" ?>
<collection xmlns:xsi="http://www.w3.org/2001/XMLSchema-instance"
    xsi:schemaLocation="http://www.loc.gov/MARC21/slim
        http://www.loc.gov/standards/marcxml/schema/MARC21slim.xsd"
    xmlns="http://www.loc.gov/MARC21/slim">
<record>
  <leader>00217cam a2200397 i 4500</leader>
  <controlfield tag="001">b12566081</controlfield>
  <controlfield tag="003">LeBAU</controlfield>
  <controlfield tag="005">20200720</controlfield>
  <controlfield tag="008">110524s1937    le            000 j ara d</controlfield>
  <datafield tag="035" ind1=" " ind2=" ">
    <subfield code="a">ocn784408189</subfield>
  </datafield>
  <datafield tag="040" ind1=" " ind2=" ">
    <subfield code="a">LEAUB</subfield>
    <subfield code="b">ara</subfield>
    <subfield code="e">rda</subfield>
    <subfield code="c">LEAUB</subfield>
    <subfield code="d">LEAUB</subfield>
  </datafield>
  <datafield tag="082" ind1="0" ind2="4">
    <subfield code="a">892.73</subfield>
    <subfield code="2">23</subfield>
  </datafield>
  <datafield tag="100" ind1="1" ind2=" ">
    <subfield code="6">880-01</subfield>
    <subfield code="a">ʻAwwād, Tawfīq Yūsuf.</subfield>
    <subfield code="e">author.</subfield>
    <subfield code="0">http://id.loc.gov/authorities/names/n88083969 ,</subfield>
  </datafield>
  <datafield tag="245" ind1="1" ind2="0">
    <subfield code="6">880-02</subfield>
    <subfield code="a">al-Ṣabī al-aʻraj wa-qiṣaṣ ukhrá /</subfield>
    <subfield code="c">Tawfīq Y. Awwād.</subfield>
  </datafield>
  <datafield tag="264" ind1=" " ind2="1">
    <subfield code="6">880-03</subfield>
    <subfield code="a">Bayrūt :</subfield>
    <subfield code="b">Manshūrāt al-Makshūf,</subfield>
    <subfield code="c">1937.</subfield>
  </datafield>
  <datafield tag="300" ind1=" " ind2=" ">
    <subfield code="6">880-04</subfield>
    <subfield code="a">206 pages ;</subfield>
    <subfield code="c">19 cm</subfield>
  </datafield>
  <datafield tag="336" ind1=" " ind2=" ">
    <subfield code="a">text</subfield>
    <subfield code="b">txt</subfield>
    <subfield code="2">rdacontent</subfield>
  </datafield>
  <datafield tag="337" ind1=" " ind2=" ">
    <subfield code="a">unmediated</subfield>
    <subfield code="b">n</subfield>
    <subfield code="2">rdamedia</subfield>
  </datafield>
  <datafield tag="338" ind1=" " ind2=" ">
    <subfield code="a">volume</subfield>
    <subfield code="b">nc</subfield>
    <subfield code="2">rdacarrier</subfield>
  </datafield>
  <datafield tag="655" ind1=" " ind2="4">
    <subfield code="a">قصص قصيرة.</subfield>
  </datafield>
  <datafield tag="655" ind1=" " ind2="0">
    <subfield code="a">Short stories.</subfield>
  </datafield>
  <datafield tag="775" ind1="0" ind2="8">
    <subfield code="6">880-05</subfield>
    <subfield code="i">has designation of edition</subfield>
    <subfield code="4">http://rdaregistry.info/Elements/m/P30133 :</subfield>
    <subfield code="a">ʻAwwād, Tawfīq Yūsuf.</subfield>
    <subfield code="t">al-Ṣabī al-aʻraj wa-qiṣaṣ ukhrá.</subfield>
    <subfield code="b">al-Ṭabʻah al-thālithah ʻasharah.</subfield>
    <subfield code="d">Bayrūt : Maktabat Lubnān, 1992</subfield>
    <subfield code="w">(OCoLC)784413592</subfield>
    <subfield code="w">(OCoLC)784413592</subfield>
  </datafield>
  <datafield tag="775" ind1="0" ind2="8">
    <subfield code="6">880-06</subfield>
    <subfield code="i">has designation of edition</subfield>
    <subfield code="4">http://rdaregistry.info/Elements/m/P30133 :</subfield>
    <subfield code="a">ʻAwwād, Tawfīq Yūsuf.</subfield>
    <subfield code="t">al-Ṣabī al-aʻraj wa-qiṣaṣ ukhrá.</subfield>
    <subfield code="b">al-Ṭabʻah al-ḥādiyah ʻasharah.</subfield>
    <subfield code="d">Bayrūt : Maktabat Lubnān, 1980</subfield>
    <subfield code="w">(LEAUB)b20624839</subfield>
  </datafield>
  <datafield tag="852" ind1=" " ind2=" ">
    <subfield code="a">Jafet Library</subfield>
    <subfield code="e">American University of Beirut, Bliss Street , Beirut, Lebanon.</subfield>
  </datafield>
  <datafield tag="852" ind1=" " ind2=" ">
    <subfield code="a">Jafet Archives and Special Collections</subfield>
    <subfield code="e">American University of Beirut, Bliss Street, Beirut, Lebanon.</subfield>
  </datafield>
  <datafield tag="880" ind1="1" ind2=" ">
    <subfield code="6">100-01/(3/r</subfield>
    <subfield code="a">عواد، توفيق يوسف،</subfield>
    <subfield code="0">http://id.loc.gov/authorities/names/n88083969 ,</subfield>
    <subfield code="e">مؤلف. </subfield>
    <subfield code="4">aut.</subfield>
  </datafield>
  <datafield tag="880" ind1=" " ind2="1">
    <subfield code="6">264-03/(3/r</subfield>
    <subfield code="a">بيروت :</subfield>
    <subfield code="b">منشورات المكشوف،</subfield>
    <subfield code="c">1937.</subfield>
  </datafield>
  <datafield tag="880" ind1="1" ind2="3">
    <subfield code="6">245-02/(3/r</subfield>
    <subfield code="a">الصبي الأعرج وقصص أخرى /</subfield>
    <subfield code="c">توفيق ي. عواد.</subfield>
  </datafield>
  <datafield tag="880" ind1=" " ind2=" ">
    <subfield code="6">300-04/(3/r</subfield>
    <subfield code="a">206 صفحات ؛</subfield>
    <subfield code="c">19 سم</subfield>
  </datafield>
  <datafield tag="880" ind1="0" ind2="8">
    <subfield code="6">775-05/(3/r</subfield>
    <subfield code="i">دلالة على الطبعة</subfield>
    <subfield code="4">http://rdaregistry.info/Elements/m/P30133 :</subfield>
    <subfield code="a">عواد، توفيق يوسف.</subfield>
    <subfield code="t">الصبي الأعرج وقصص اخرى.</subfield>
    <subfield code="b">الطبعة الثالثة عشرة.</subfield>
    <subfield code="d">بيروت : مكتبة لبنان، 1992</subfield>
    <subfield code="w">(LEAUB)b12576931</subfield>
    <subfield code="w">(OCoLC)784413592</subfield>
  </datafield>
  <datafield tag="880" ind1="0" ind2="8">
    <subfield code="6">775-06/(3/r</subfield>
    <subfield code="i">دلالة على الطبعة</subfield>
    <subfield code="4">http://rdaregistry.info/Elements/m/P30133 :</subfield>
    <subfield code="a">عواد، توفيق يوسف.</subfield>
    <subfield code="t">الصبي الأعرج وقصص اخرى.</subfield>
    <subfield code="b">الطبعة الحادية عشرة.</subfield>
    <subfield code="d">بيروت : مكتبة لبنان، 1980</subfield>
    <subfield code="w">(LEAUB)b20624839</subfield>
  </datafield>
  <datafield tag="907" ind1=" " ind2=" ">
    <subfield code="a">.b12566081</subfield>
    <subfield code="b">20-07-20</subfield>
    <subfield code="c">11-05-24</subfield>
  </datafield>
  <datafield tag="907" ind1=" " ind2=" ">
    <subfield code="a">.b12566081</subfield>
    <subfield code="b">15-10-15</subfield>
    <subfield code="c">11-05-24</subfield>
  </datafield>
  <datafield tag="945" ind1=" " ind2=" ">
    <subfield code="f">CA</subfield>
    <subfield code="a">892.73:A967sA</subfield>
    <subfield code="i">00505255</subfield>
    <subfield code="j">.i19931906</subfield>
    <subfield code="l">u0304</subfield>
  </datafield>
  <datafield tag="945" ind1=" " ind2=" ">
    <subfield code="f">J</subfield>
    <subfield code="a">892.78:A967sA:1937:c.1* (discard-160215)</subfield>
    <subfield code="j">.i13075615</subfield>
    <subfield code="l">u0503</subfield>
  </datafield>
  <datafield tag="998" ind1=" " ind2=" ">
    <subfield code="a">u03</subfield>
    <subfield code="a">u05</subfield>
    <subfield code="b">97-08-07</subfield>
    <subfield code="c">m</subfield>
    <subfield code="d">a  </subfield>
    <subfield code="e">-</subfield>
    <subfield code="f">ara</subfield>
    <subfield code="g">le </subfield>
    <subfield code="h">0</subfield>
    <subfield code="i">2</subfield>
  </datafield>
</record>
</collection>
